<record><leader>00000cas a22000007a 4500</leader><controlfield tag="001">21217927</controlfield><controlfield tag="008">900315d18961905paudn ne      0    0eng d</controlfield><datafield ind1=" " ind2=" " tag="010"><subfield code="a">sn 90069175 </subfield></datafield><datafield ind1=" " ind2=" " tag="040"><subfield code="a">NPH</subfield><subfield code="b">eng</subfield><subfield code="c">NPH</subfield><subfield code="d">OCLCQ</subfield></datafield><datafield ind1=" " ind2=" " tag="042"><subfield code="a">msc</subfield></datafield><datafield ind1="0" ind2="4" tag="245"><subfield code="a">The Mechanicsburg daily.</subfield></datafield><datafield ind1=" " ind2=" " tag="260"><subfield code="a">Mechanicsburg, Pa. :</subfield><subfield code="b">C. Albin,</subfield><subfield code="c">1896-</subfield></datafield><datafield ind1=" " ind2=" " tag="300"><subfield code="a">v. :</subfield><subfield code="b">ill. (chiefly advertisements) ;</subfield><subfield code="c">56 cm.</subfield></datafield><datafield ind1=" " ind2=" " tag="310"><subfield code="a">Daily (except Sun.)</subfield></datafield><datafield ind1="0" ind2=" " tag="362"><subfield code="a">Vol. 1, no. 1 (Aug. 20, 1896)-</subfield></datafield><datafield ind1="1" ind2=" " tag="362"><subfield code="a">Ceased in 1905.</subfield></datafield><datafield ind1=" " ind2=" " tag="500"><subfield code="a">Publisher: Mechanicsburg Daily Pub. Co., &lt;1897&gt;.</subfield></datafield><datafield ind1=" " ind2=" " tag="752"><subfield code="a">United States</subfield><subfield code="b">Pennsylvania</subfield><subfield code="c">Cumberland</subfield><subfield code="d">Mechanicsburg.</subfield></datafield><datafield ind1="0" ind2="4" tag="785"><subfield code="t">Daily journal (Mechanicsburg, Pa.)</subfield><subfield code="w">(DLC)sn 86081209</subfield></datafield></record>